@misc{lastpass-security-notice,
	howpublished = {\url{https://blog.lastpass.com/2015/06/lastpass-security-notice.html/}},
	title = {{LastPass Security Notice}},
	year = {2015}
}

@misc{openpgp,
	howpublished = {\url{https://tools.ietf.org/html/rfc4880}},
	journal = {IETF RFC},
	number = {4880},
	title = {{OpenPGP Message Format}},
	year = {2007}
}

